<record><leader>01845nam a22004578a 4500</leader><controlfield tag="001">6849267</controlfield><controlfield tag="003">UkCbUP</controlfield><controlfield tag="005">20150305021019.0</controlfield><controlfield tag="006">m|||||o||d||||||||</controlfield><controlfield tag="007">cr||||||||||||</controlfield><controlfield tag="008">130819r2015||||enk     o     ||1 0|eng|d</controlfield><datafield ind1=" " ind2=" " tag="020"><subfield code="a">9781107447769 (ebook)</subfield></datafield><datafield ind1=" " ind2=" " tag="020"><subfield code="z">9781107061149 (hardback)</subfield></datafield><datafield ind1=" " ind2=" " tag="020"><subfield code="z">9781107682689 (paperback)</subfield></datafield><datafield ind1=" " ind2=" " tag="039"><subfield code="a">exclude</subfield></datafield><datafield ind1=" " ind2=" " tag="040"><subfield code="a">UkCbUP</subfield><subfield code="c">UkCbUP</subfield><subfield code="e">rda</subfield><subfield code="d">AEU</subfield></datafield><datafield ind1=" " ind2=" " tag="090"><subfield code="a">Internet Access</subfield><subfield code="b">AEU</subfield></datafield><datafield ind1="1" ind2=" " tag="100"><subfield code="a">Verhoeven, Harry,</subfield><subfield code="e">author.</subfield></datafield><datafield ind1="1" ind2="0" tag="245"><subfield code="a">Water, Civilisation and Power in Sudan :</subfield><subfield code="b">The Political Economy of Military-Islamist State Building /</subfield><subfield code="c">Harry Verhoeven.</subfield></datafield><datafield ind1="3" ind2=" " tag="246"><subfield code="a">Water, Civilisation &amp; Power in Sudan</subfield></datafield><datafield ind1=" " ind2="1" tag="264"><subfield code="a">Cambridge :</subfield><subfield code="b">Cambridge University Press,</subfield><subfield code="c">2015.</subfield></datafield><datafield ind1=" " ind2=" " tag="300"><subfield code="a">1 online resource (336 pages) :</subfield><subfield code="b">digital, PDF file(s).</subfield></datafield><datafield ind1=" " ind2=" " tag="336"><subfield code="a">text</subfield><subfield code="b">txt</subfield><subfield code="2">rdacontent</subfield></datafield><datafield ind1=" " ind2=" " tag="337"><subfield code="a">computer</subfield><subfield code="b">c</subfield><subfield code="2">rdamedia</subfield></datafield><datafield ind1=" " ind2=" " tag="338"><subfield code="a">online resource</subfield><subfield code="b">cr</subfield><subfield code="2">rdacarrier</subfield></datafield><datafield ind1="1" ind2=" " tag="490"><subfield code="a">African Studies</subfield></datafield><datafield ind1=" " ind2=" " tag="500"><subfield code="a">Title from publisher's bibliographic system (viewed on 05 Mar 2015).</subfield></datafield><datafield ind1=" " ind2=" " tag="506"><subfield code="a">Access restricted to authorized users and institutions.</subfield></datafield><datafield ind1=" " ind2=" " tag="596"><subfield code="a">44</subfield></datafield><datafield ind1=" " ind2="0" tag="650"><subfield code="a">Water resources development</subfield><subfield code="x">Government policy</subfield><subfield code="z">Sudan.</subfield></datafield><datafield ind1=" " ind2="0" tag="650"><subfield code="a">Water-supply</subfield><subfield code="x">Political aspects</subfield><subfield code="z">Sudan.</subfield></datafield><datafield ind1=" " ind2="0" tag="650"><subfield code="a">Water-supply</subfield><subfield code="x">Political aspects</subfield><subfield code="z">Nile River.</subfield></datafield><datafield ind1=" " ind2="0" tag="650"><subfield code="a">Barrages</subfield><subfield code="x">Political aspects</subfield><subfield code="z">Nile River.</subfield></datafield><datafield ind1=" " ind2="0" tag="650"><subfield code="a">Dams</subfield><subfield code="x">Political aspects</subfield><subfield code="z">Sudan.</subfield></datafield><datafield ind1=" " ind2="0" tag="650"><subfield code="a">Economic development</subfield><subfield code="x">Political aspects</subfield><subfield code="z">Sudan.</subfield></datafield><datafield ind1=" " ind2="0" tag="650"><subfield code="a">Islam and politics</subfield><subfield code="z">Sudan.</subfield></datafield><datafield ind1=" " ind2="0" tag="651"><subfield code="a">Sudan</subfield><subfield code="x">Politics and government</subfield><subfield code="y">1985-</subfield></datafield><datafield ind1=" " ind2="0" tag="830"><subfield code="a">African Studies.</subfield></datafield><datafield ind1="4" ind2="0" tag="856"><subfield code="3">University of Alberta Access</subfield><subfield code="u">http://dx.doi.org/10.1017/CBO9781107447769</subfield></datafield><datafield ind1=" " ind2=" " tag="949"><subfield code="h">UAIN</subfield><subfield code="z">CBO</subfield></datafield><datafield ind1=" " ind2=" " tag="926"><subfield code="a">Internet Access</subfield><subfield code="w">LC</subfield><subfield code="c">1</subfield><subfield code="i">6849267-1001</subfield><subfield code="l">INTERNET</subfield><subfield code="m">UAINTERNET</subfield><subfield code="r">Y</subfield><subfield code="s">Y</subfield><subfield code="t">E-RESOURCE</subfield><subfield code="u">3/5/2015</subfield><subfield code="x">E-BOOK</subfield><subfield code="z">CBO</subfield></datafield></record>